@article{groll2018prediction,
  title={Prediction of the FIFA World Cup 2018-A random forest approach with an emphasis on estimated team ability parameters},
  author={Groll, Andreas and Ley, Christophe and Schauberger, Gunther and Van Eetvelde, Hans},
  journal={arXiv preprint arXiv:1806.03208},
  year={2018}
}

@article{groll2015prediction,
  title={Prediction of major international soccer tournaments based on team-specific regularized Poisson regression: An application to the FIFA World Cup 2014},
  author={Groll, Andreas and Schauberger, Gunther and Tutz, Gerhard},
  journal={Journal of Quantitative Analysis in Sports},
  volume={11},
  number={2},
  pages={97--115},
  year={2015},
  publisher={De Gruyter}
}

@article{dixon1997,
    author = {Dixon Mark J. and Coles Stuart G.},
    title = {Modelling Association Football Scores and Inefficiencies in the Football Betting Market},
    journal = {Journal of the Royal Statistical Society: Series C (Applied Statistics)},
    volume = {46},
    number = {2},
    pages = {265-280}
}
